<record><leader>00000cas a22000007a 4500</leader><controlfield tag="001">15482536</controlfield><controlfield tag="008">870403d19851991inuwr ne      0    0eng d</controlfield><controlfield tag="009">5452</controlfield><datafield ind1=" " ind2=" " tag="010"><subfield code="a">sn 87055490 </subfield></datafield><datafield ind1=" " ind2=" " tag="040"><subfield code="a">NPI</subfield><subfield code="b">eng</subfield><subfield code="c">NPI</subfield><subfield code="d">DLC</subfield><subfield code="d">NPI</subfield></datafield><datafield ind1=" " ind2=" " tag="042"><subfield code="a">msc</subfield></datafield><datafield ind1="0" ind2=" " tag="130"><subfield code="a">Journal (Delphi, Ind.)</subfield></datafield><datafield ind1="0" ind2="4" tag="245"><subfield code="a">The journal.</subfield></datafield><datafield ind1=" " ind2=" " tag="260"><subfield code="a">Delphi, Ind. :</subfield><subfield code="b">Elizabeth C. Griffey,</subfield><subfield code="c">1985-1991.</subfield></datafield><datafield ind1=" " ind2=" " tag="300"><subfield code="a">7 v. :</subfield><subfield code="b">ill. ;</subfield><subfield code="c">36 cm.</subfield></datafield><datafield ind1=" " ind2=" " tag="310"><subfield code="a">Weekly</subfield></datafield><datafield ind1="0" ind2=" " tag="362"><subfield code="a">Vol. 1, no. 1 (July 2, 1985)-v. 7, no. 4 (July 17, 1991).</subfield></datafield><datafield ind1=" " ind2=" " tag="752"><subfield code="a">United States</subfield><subfield code="b">Indiana</subfield><subfield code="c">Carroll</subfield><subfield code="d">Delphi.</subfield></datafield><datafield ind1="0" ind2="7" tag="785"><subfield code="t">Monticello sun</subfield><subfield code="w">(DLC)sn 89099036</subfield></datafield><datafield ind1="0" ind2="7" tag="785"><subfield code="t">Sun-journal (Delphi, Ind.)</subfield><subfield code="w">(DLC)sn 91074108</subfield></datafield></record>